@online{d2l.ai,
    author = {Aston Zhang Zachary C. Lipton Mu Li Alexander J. Smola },
    title = "Dive into Deep Learning",
    url  = "https://d2l.ai",
}

@online{AndrejKarpathyMicrogradVideo,
    author = "Andrej Karpathy",
    title = "The spelled-out intro to neural networks and backpropagation: building micrograd",
    url  = "https://www.youtube.com/watch?v=VMj-3S1tku0&t=5246s&ab_channel=AndrejKarpathy",
}

@online{AndrejKarpathyMakemoreVideo,
    author = "Andrej Karpathy",
    title = "The spelled-out intro to language modeling: building makemore",
    url  = "https://www.youtube.com/watch?v=PaCmpygFfXo&list=PLAqhIrjkxbuWI23v9cThsA9GvCAUhRvKZ&index=2&t=2s&ab_channel=AndrejKarpathy",
}